<?xml version="1.0" encoding="UTF-8"?><collection xmlns="http://www.loc.gov/MARC21/slim"><record><leader>00337nam--2200121-i-4500</leader><controlfield tag="001">000048861</controlfield><controlfield tag="002">20161230</controlfield><controlfield tag="005">20161230201047</controlfield><controlfield tag="008">060222s1000------------r-----000-0-eng-d</controlfield><datafield ind1=" " ind2=" " tag="100"><subfield code="a">Aizerman,M.A</subfield></datafield><datafield ind1=" " ind2=" " tag="245"><subfield code="a">Lekcii po teorii avtomaticheskogo regulirovaniia. izdanie vtoroe</subfield></datafield><datafield ind1=" " ind2=" " tag="260"><subfield code="a">Moskva, Fizmatgiz, 1958. 520 S.+ 361 Ris</subfield></datafield><datafield ind1=" " ind2=" " tag="852"><subfield code="a">5643</subfield></datafield></record></collection>